<record><leader>00000cas a2200000 a 4500</leader><controlfield tag="001">1643872</controlfield><controlfield tag="008">750921d18151832mauwr ne      0    0eng c</controlfield><datafield ind1=" " ind2=" " tag="010"><subfield code="a">sn 83021309 </subfield></datafield><datafield ind1=" " ind2=" " tag="040"><subfield code="a">MUL</subfield><subfield code="b">eng</subfield><subfield code="c">MUL</subfield><subfield code="d">NYG</subfield><subfield code="d">NPX</subfield><subfield code="d">NYG</subfield><subfield code="d">NPA</subfield><subfield code="d">NPU</subfield><subfield code="d">DLC</subfield><subfield code="d">NJW</subfield><subfield code="d">NPH</subfield><subfield code="d">KNP</subfield><subfield code="d">YOX</subfield><subfield code="d">MGN</subfield><subfield code="d">KNP</subfield><subfield code="d">MGN</subfield><subfield code="d">HUL</subfield><subfield code="d">CNK</subfield><subfield code="d">DLC</subfield><subfield code="d">FUG</subfield><subfield code="d">TGN</subfield><subfield code="d">OCL</subfield><subfield code="d">OCLCG</subfield><subfield code="d">BUF</subfield><subfield code="d">KRTAS</subfield><subfield code="d">OCLCQ</subfield><subfield code="d">OCLCF</subfield><subfield code="d">OCLCO</subfield></datafield><datafield ind1="1" ind2=" " tag="029"><subfield code="a">AU@</subfield><subfield code="b">000003654832</subfield></datafield><datafield ind1=" " ind2=" " tag="042"><subfield code="a">pcc</subfield></datafield><datafield ind1=" " ind2=" " tag="043"><subfield code="a">n-us-ma</subfield></datafield><datafield ind1="0" ind2="0" tag="050"><subfield code="a">Newspaper</subfield></datafield><datafield ind1="1" ind2="4" tag="050"><subfield code="a">AP2.A2</subfield><subfield code="b">A63 Box 69</subfield></datafield><datafield ind1=" " ind2=" " tag="092"><subfield code="a">071</subfield><subfield code="b">B742</subfield></datafield><datafield ind1="0" ind2=" " tag="130"><subfield code="a">Boston weekly messenger (Boston, Mass. : 1815)</subfield></datafield><datafield ind1="1" ind2="0" tag="245"><subfield code="a">Boston weekly messenger.</subfield></datafield><datafield ind1="1" ind2="3" tag="246"><subfield code="a">Boston weekly messenger, for the country</subfield></datafield><datafield ind1=" " ind2=" " tag="260"><subfield code="a">Boston :</subfield><subfield code="b">N. Hale,</subfield><subfield code="c">1815-1832.</subfield></datafield><datafield ind1=" " ind2=" " tag="300"><subfield code="a">26 v.</subfield></datafield><datafield ind1=" " ind2=" " tag="310"><subfield code="a">Weekly</subfield></datafield><datafield ind1="0" ind2=" " tag="362"><subfield code="a">Vol. 5, no. 1 (Oct. 20, 1815)-v. 9, no. 35 (June 8, 1820) ; new ser., v. 1, no. 1 (June 15, 1820)-v. 21, no. 37 (Feb. 23, 1832).</subfield></datafield><datafield ind1=" " ind2=" " tag="500"><subfield code="a">Published in octavo format, Oct. 20, 1815-June 8, 1820.</subfield></datafield><datafield ind1=" " ind2=" " tag="530"><subfield code="a">Also issued in microform from Readex Microprint Corp.</subfield></datafield><datafield ind1=" " ind2=" " tag="580"><subfield code="a">Merged with: Massachusetts journal and tribune, to become: Boston weekly messenger and Massachusetts journal.</subfield></datafield><datafield ind1=" " ind2="0" tag="651"><subfield code="a">Boston (Mass.)</subfield><subfield code="v">Newspapers.</subfield></datafield><datafield ind1=" " ind2="0" tag="651"><subfield code="a">Suffolk County (Mass.)</subfield><subfield code="v">Newspapers.</subfield></datafield><datafield ind1=" " ind2="7" tag="655"><subfield code="a">Newspapers.</subfield><subfield code="2">fast</subfield><subfield code="0">(OCoLC)fst01423814</subfield></datafield><datafield ind1=" " ind2="7" tag="651"><subfield code="a">Massachusetts</subfield><subfield code="z">Boston.</subfield><subfield code="2">fast</subfield><subfield code="0">(OCoLC)fst01205012</subfield></datafield><datafield ind1=" " ind2="7" tag="651"><subfield code="a">Massachusetts</subfield><subfield code="z">Suffolk County.</subfield><subfield code="2">fast</subfield><subfield code="0">(OCoLC)fst01206189</subfield></datafield><datafield ind1="1" ind2=" " tag="700"><subfield code="a">Hale, Nathan,</subfield><subfield code="d">1784-1863.</subfield></datafield><datafield ind1=" " ind2=" " tag="752"><subfield code="a">United States</subfield><subfield code="b">Massachusetts</subfield><subfield code="c">Suffolk</subfield><subfield code="d">Boston.</subfield></datafield><datafield ind1="0" ind2="0" tag="780"><subfield code="t">Weekly messenger (Boston, Mass.)</subfield><subfield code="w">(DLC)sn 84045041</subfield><subfield code="w">(OCoLC)2701411</subfield></datafield><datafield ind1="1" ind2="7" tag="785"><subfield code="t">Massachusetts journal and tribune</subfield><subfield code="w">(DLC)sn 84023412</subfield><subfield code="w">(OCoLC)10860697</subfield></datafield><datafield ind1="1" ind2="7" tag="785"><subfield code="t">Boston weekly messenger and Massachusetts journal</subfield><subfield code="w">(DLC)sn 83021310</subfield><subfield code="w">(OCoLC)10095481</subfield></datafield><datafield ind1=" " ind2=" " tag="938"><subfield code="a">Kirtas Technologies, Inc.</subfield><subfield code="b">KRTS</subfield><subfield code="n">733236</subfield></datafield></record>